@article{albaladejo2023evaluating,
    title={Evaluating different configurations of machine learning models and their transfer learning capabilities for stress detection using heart rate},
    author={Albaladejo-Gonz{\'a}lez, Mariano and Ruip{\'e}rez-Valiente, Jos{\'e} A and G{\'o}mez M{\'a}rmol, F{\'e}lix},
    journal={Journal of Ambient Intelligence and Humanized Computing},
    volume={14},
    number={8},
    pages={11011--11021},
    year={2023},
    publisher={Springer}
}

@article{amidi2018super,
    title={Super VIP Cheatsheet: Machine Learning},
    author={Amidi, Afshine and Amidi, Shervine},
    journal={Course CS},
    year={2018}
}

@article{al2023stress,
    title={Stress Monitoring Using Machine Learning, IoT and Wearable Sensors},
    author={Al-Atawi, Abdullah A and Alyahyan, Saleh and Alatawi, Mohammed Naif and Sadad, Tariq and Manzoor, Tareq and Farooq-i-Azam, Muhammad and Khan, Zeashan Hameed},
    journal={Sensors},
    volume={23},
    number={21},
    pages={8875},
    year={2023},
    publisher={MDPI}
}

@article{berkaya2018survey,
    title={A survey on ECG analysis},
    author={Berkaya, Selcan Kaplan and Uysal, Alper Kursat and Gunal, Efnan Sora and Ergin, Semih and Gunal, Serkan and Gulmezoglu, M Bilginer},
    journal={Biomedical Signal Processing and Control},
    volume={43},
    pages={216--235},
    year={2018},
    publisher={Elsevier}
}

@inproceedings{boonnithi2011comparison,
    title={Comparison of heart rate variability measures for mental stress detection},
    author={Boonnithi, Sansanee and Phongsuphap, Sukanya},
    booktitle={2011 Computing in Cardiology},
    pages={85--88},
    year={2011},
    organization={IEEE}
}

@article{edwards2021primer,
    title={A primer on machine learning},
    author={Edwards, Audrene S and Kaplan, Bruce and Jie, Tun},
    journal={Transplantation},
    volume={105},
    number={4},
    pages={699--703},
    year={2021},
    publisher={LWW}
}

@article{giannakakis2019review,
    title={Review on psychological stress detection using biosignals},
    author={Giannakakis, Giorgos and Grigoriadis, Dimitris and Giannakaki, Katerina and Simantiraki, Olympia and Roniotis, Alexandros and Tsiknakis, Manolis},
    journal={IEEE Transactions on Affective Computing},
    volume={13},
    number={1},
    pages={440--460},
    year={2019},
    publisher={IEEE}
}

@article{gomes2017higuchi,
    title={Higuchi fractal analysis of heart rate variability is sensitive during recovery from exercise in physically active men},
    author={Gomes, Rayana L and Vanderlei, Luiz Carlos M and Garner, David M and Vanderlei, Franciele M and Valenti, Vitor E},
    journal={MedicalExpress},
    volume={4},
    year={2017},
    publisher={SciELO Brasil}
}

@article{hao2019machine,
    title={Machine learning made easy: a review of scikit-learn package in python programming language},
    author={Hao, Jiangang and Ho, Tin Kam},
    journal={Journal of Educational and Behavioral Statistics},
    volume={44},
    number={3},
    pages={348--361},
    year={2019},
    publisher={SAGE Publications Sage CA: Los Angeles, CA}
}

@article{iqbal2022exploring,
    title={Exploring unsupervised machine learning classification methods for physiological stress detection},
    author={Iqbal, Talha and Elahi, Adnan and Wijns, William and Shahzad, Atif},
    journal={Frontiers in Medical Technology},
    volume={4},
    pages={782756},
    year={2022},
    publisher={Frontiers}
}

@article{khowaja2021toward,
    title={Toward soft real-time stress detection using wrist-worn devices for human workspaces},
    author={Khowaja, Sunder Ali and Prabono, Aria Ghora and Setiawan, Feri and Yahya, Bernardo Nugroho and Lee, Seok-Lyong},
    journal={Soft Computing},
    volume={25},
    pages={2793--2820},
    year={2021},
    publisher={Springer}
}

@inproceedings{koldijk2014swell,
    title={The swell knowledge work dataset for stress and user modeling research},
    author={Koldijk, Saskia and Sappelli, Maya and Verberne, Suzan and Neerincx, Mark A and Kraaij, Wessel},
    booktitle={Proceedings of the 16th international conference on multimodal interaction},
    pages={291--298},
    year={2014}
}

@article{mortensen2023multi,
    title={Multi-Class Stress Detection through Heart Rate Variability: A Deep Neural Network based Study},
    author={Mortensen, Jon Andreas and Mollov, Martin Efremov and Chatterjee, Ayan and Ghose, Debasish and Li, Frank Y},
    journal={IEEE Access},
    year={2023},
    publisher={IEEE}
}

@inproceedings{nkurikiyeyezu2019thermal,
    title={Thermal Comfort and Stress Recognition in Office Environment.},
    author={Nkurikiyeyezu, Kizito and Shoji, Kana and Yokokubo, Anna and Lopez, Guillaume},
    booktitle={HEALTHINF},
    pages={256--263},
    year={2019}
}

@article{sassi2015advances,
    title={Advances in heart rate variability signal analysis: joint position statement by the e-Cardiology ESC Working Group and the European Heart Rhythm Association co-endorsed by the Asia Pacific Heart Rhythm Society},
    author={Sassi, Roberto and Cerutti, Sergio and Lombardi, Federico and Malik, Marek and Huikuri, Heikki V and Peng, Chung-Kang and Schmidt, Georg and Yamamoto, Yoshiharu and Document Reviewers: and Gorenek, Bulent and others},
    journal={Ep Europace},
    volume={17},
    number={9},
    pages={1341--1353},
    year={2015},
    publisher={Oxford University Press}
}

@inproceedings{vollmer2015robust,
    title={A robust, simple and reliable measure of heart rate variability using relative RR intervals},
    author={Vollmer, Marcus},
    booktitle={2015 Computing in Cardiology Conference (CinC)},
    pages={609--612},
    year={2015},
    organization={IEEE}
}